2398 3632
1184 184 1253 237 94

195 359 288 411 die
307 357 666 410 Texteskritik
691 375 759 407 zu
777 355 914 406 Plin.
945 355 1010 407 ed
1028 346 1139 407 Sill.
1159 355 1224 407 B.
1244 355 1319 419 H,
1347 375 1398 425 p.
1427 353 1547 417 394,
1577 353 1617 418 ξ.
1643 351 1814 404 10411.
1836 352 1900 403 B.
1924 352 2020 416 VI,
2048 372 2100 422 p.
2125 351 2245 415 159,

199 443 244 509 ξ.
269 441 371 494 104
395 441 579 494 ho'ohst
604 440 821 509 wiehtig
847 440 956 491 und
981 439 1121 508 zeigt
1146 440 1282 503 aueh
1306 439 1459 502 noch,
1487 439 1607 496 dass
1627 438 1720 489 der
1739 434 2116 506 Herausgeber
2135 436 2249 488 die-

194 547 292 580 sen
317 525 600 594 wiehtigen
619 523 993 577 Sohriftsteller
1019 544 1116 594 gar
1140 524 1286 576 nieht
1311 522 1526 576 benutzt
1551 523 1655 574 hat.
1704 521 1781 573 Es
1806 522 1968 573 heisst
1991 521 2106 573 hier
2131 539 2170 572 S.
2194 540 2246 572 v.

199 611 427 663 Lothos:
465 610 624 662 Item
662 608 813 660 alibi
851 608 1055 672 Africa,
1095 627 1203 677 qua
1241 608 1414 678 vergit
1451 608 1517 659 ad
1555 625 1667 670 nos,
1704 606 1967 676 insignem
2005 603 2249 658 arborem

195 696 345 748 loton
381 695 540 766 ginit,
587 712 749 763 quam
786 702 978 746 vocant
1026 692 1258 746 eolbim
1304 693 1406 744 vel
1443 692 1641 744 eoltin
1715 690 1881 758 (Text
1918 710 1969 743 V.
2009 689 2120 743 Sill.
2159 690 2251 742 hat

196 780 373 844 celtin,
411 779 665 848 Palimps.
701 777 953 845 eelthim),
991 778 1162 847 ipsam
1187 777 1372 829 Italiae
1408 775 1744 828 familiarem:
1784 775 1877 827 sed
1914 783 2083 826 terra
2119 792 2252 826 mu-

199 873 330 917 tata
366 864 733 933 magnitudo
761 881 922 931 quae
958 862 1096 932 piro
1133 862 1198 913 in
1236 862 1449 914 cisura
1486 869 1545 913 et
1581 860 1740 913 folia
1763 858 2063 912 breviora
2087 877 2251 927 quae

199 950 263 1001 in
307 949 476 1002 ilieis
520 949 816 1001 videntur
865 947 1281 999 differentiae
1315 945 1543 1017 {plures
1595 946 1700 998 hie
1747 964 1931 1013 quam
1974 944 2248 996 maxime

194 1033 441 1086 fructib
454 1053 524 1086 us
569 1033 710 1085 fuit.
784 1031 1085 1085 Weiterhin
1121 1032 1283 1084 heisst
1321 1051 1403 1084 es:
1448 1031 1587 1084 hane
1623 1031 1783 1083 etiam
1818 1029 2057 1081 Isidorus
2093 1028 2251 1082 mella

195 1127 379 1182 voeat3
423 1118 479 1169 in
516 1116 653 1170 libro
691 1137 819 1170 vero
856 1135 1071 1186 graeco,
1117 1115 1211 1168 ubi
1257 1117 1495 1186 depietae
1543 1124 1664 1168 sunt
1708 1112 1901 1167 herbae
1946 1121 1997 1166 et
2035 1112 2249 1167 arbores

194 1202 296 1271 (-
334 1203 553 1274 wiehtig
597 1204 684 1254 fiir
729 1203 813 1255 die
859 1201 1176 1255 Gesehiehte
1221 1203 1312 1253 dsr
1354 1199 1973 1269 Pflanzenabbildungen
2009 1198 2128 1266 —-),
2177 1207 2256 1252 est

197 1289 313 1352 illa,
360 1308 521 1357 quam
565 1287 742 1340 fabam
786 1307 1032 1358 graecam
1077 1296 1256 1340 nostro
1300 1287 1550 1360 idiomate
1595 1304 1848 1339 vocamus
1886 1293 1982 1337 etc.
2055 1284 2253 1339 Matth.

194 1372 388 1427 ‚Silvat
434 1371 580 1442 giebt
627 1392 694 1424 an
741 1373 834 1430 der
876 1372 1071 1442 obigen
1117 1371 1279 1424 Stelle
1324 1390 1448 1423 nur:
1500 1371 1672 1436 „Plin.
1717 1370 1833 1422 libr.
1875 1369 2047 1433 XIII,
2094 1369 2250 1439 capit.

199 1457 384 1511 XVP‘
429 1459 538 1509 und
575 1458 707 1510 zwei
743 1458 938 1509 andere
976 1456 1169 1509 ebenso
1209 1457 1393 1508 eitirte.
1469 1456 1567 1508 Bei
1603 1454 1796 1507 Petrus
1835 1455 1901 1507 de
1938 1453 2256 1506 Crescentiis

189 1542 294 1595 olibz
335 1542 411 1606 V,
470 1561 583 1612 cap.
629 1541 699 1593 43
753 1543 820 1594 ist
866 1542 913 1594 F
916 1541 1259 1613 raxinagolus
1316 1541 1581 1594 vielleieht
1633 1540 1810 1610 gleioh
1865 1540 2036 1592 dieser
2091 1537 2256 1592 Celtis

200 1628 459 1680 australis.

885 1821 1003 1875 197.
1042 1821 1079 1875 J
1082 1821 1407 1888 uglandeae
1445 1823 1567 1876 DC.

329 1982 394 2039 ,1.
434 1980 710 2053 Juglans
748 1980 930 2050 regia
967 1981 1037 2031 L.

346 2079 418 2148 (F
420 2099 538 2132 raas
577 2079 661 2131 85.
723 2079 913 2147 Meyer
949 2079 1023 2142 II,
1067 2078 1182 2131 146.
1223 2078 1343 2131 310.
1398 2078 1503 2141 ΙΙΙ,
1543 2078 1627 2141 66,
1666 2077 1788 2130 406.
1827 2097 1894 2129 zu
1932 2076 2102 2130 Nicol.
2141 2076 2258 2129 Da-

193 2185 362 2218 maso.
411 2186 464 2235 p.
510 2165 593 2217 98.
642 2164 725 2216 89.
773 2164 878 2217 bot.
926 2164 1130 2216 Errant,
1179 2163 1266 2215 44.
1344 2165 1556 2215 Kerner
1603 2162 1723 2215 824.
1799 2163 1982 2215 Diose.
2029 2163 2086 2226 I,
2140 2162 2258 2214 137.

202 2251 277 2315 Η,
317 2250 465 2317 407.)
685 2236 705 2248 '
2001 2247 2003 2250 ’

277 2346 656 2420 ξανῖῑοκοὶρυαῗ
733 2348 1124 2418 ξανῖῖηκαίριαῗ
1200 2344 1590 2419 ξανῖΐησοίριονῗ

348 2445 525 2518 κάρυα
560 2444 811 2514 βασιλικοί
849 2448 905 2498 in
938 2445 1147 2500 Oribas.
1188 2447 1310 2511 577,
1351 2446 1435 2498 28.
1475 2446 1596 2510 543,
1636 2447 1720 2498 23.
1761 2445 1881 2509 631,
1919 2444 1969 2497 4.
2011 2445 2132 2509 623,
2174 2445 2256 2497 16.

203 2534 325 2598 627,
367 2532 449 2585 18.
489 2533 574 2584 20.
614 2531 735 2596 618,
773 2531 858 2584 38.
897 2532 942 2595 Ι,
982 2532 1102 2596 222,
1146 2532 1227 2584 12.
1293 2528 1520 2601 καρύὸια
1557 2530 1643 2584 bei
1679 2531 1853 2583 Ideler
1889 2530 1964 2594 ΙΙ,
2003 2530 2127 2593 269,
2151 2530 2251 2604 110.

858 2687 982 2768 198.
1031 2712 1407 2781 Gupuliferae
1448 2716 1600 2806 Rich.

339 2858 398 2909 ·1.
438 2857 657 2927 Fagus
697 2858 993 2910 silvatica
1030 2859 1097 2909 L.

352 2957 542 3025 (Fraas
581 2956 727 3023 249.)

280 3054 468 3128 φηγός,
546 3053 695 3121 effla,
776 3053 894 3121 ὀξέα
931 3055 1178 3124 (Lobeok
1216 3055 1378 3108 Path.
1418 3055 1495 3119 11,
1536 3029 1673 3122 29).'

350 3154 644 3226 περικαλὴς
690 3152 860 3227 φηγός
909 3155 994 3208 bei
1038 3156 1281 3208 Eustath.
1332 3156 1396 3207 Il.
1444 3156 1513 3219 V,
1571 3156 1674 3207 693
1721 3155 1944 3206 umfasst
1986 3154 2041 3205 in
2086 3153 2257 3205 seiner

207 3241 530 3311 Bedeutung
576 3241 740 3293 sowol
779 3237 949 3312 φηγὸς
988 3238 1260 3313 ἀπειρεσίη
1308 3241 1395 3293 bei
1432 3240 1613 3310 Apoll.
1653 3240 1827 3292 Rhod.
1866 3239 1965 3317 IV,
2009 3237 2135 3301 124,
2182 3237 2258 3289 als

202 3327 346 3378 >auch
383 3327 475 3378 das
511 3325 633 3378 Lob
672 3327 766 3379 der
803 3326 1134 3379 colchisehen
1170 3327 1227 3378 in
1264 3327 1367 3379 den
1405 3324 1689 3395 Orphisoh.
1728 3323 2026 3394 Argonaut.
2067 3323 2189 3396 927.
