2398 3632
1251 193 1336 224 XVI

190 386 199 394 .
272 340 409 394 alten
445 341 742 410 Wolfgang
767 340 808 393 J
811 348 958 392 ustus
995 340 1345 404 anzutreffen,
1385 341 1555 394 durch
1591 342 1695 394 den
1731 342 1818 394 ich
1855 342 1949 395 der
1984 340 2172 408 Quelle
2203 344 2322 398 die-

273 441 356 476 ser
391 424 440 475 N
444 443 597 477 amen
634 426 736 476 fast
771 444 862 476 um
904 425 1006 500 100
1041 424 1211 477 Jahre
1247 425 1413 477 naher
1449 426 1767 494 gekommen
1809 425 1919 478 bin.
1994 426 2184 479 Dieses
2221 427 2322 480 sel-

273 517 389 563 tene
426 509 604 572 Buch,
656 509 750 560 das
786 508 976 578 Meyer
1022 509 1129 577 (IV
1171 510 1296 576 170)
1345 509 1638 580 gleichfalls
1680 511 1767 563 nie
1804 530 1870 563 zu
1909 512 2067 564 sehen
2103 510 2312 576 bekam,

271 595 417 646 fiihrt
453 593 736 662 folgenden
776 593 940 645 Titel·

566 676 926 746 Chronologia
964 678 1075 730 sive
1114 678 1443 748 Temporum
1496 677 1843 749 SupputatiO,
1896 680 2132 732 omnium
2175 680 2322 733 illus-

529 763 692 814 trium
738 763 1096 826 Medicorum,
1153 764 1261 814 tam
1316 770 1579 826 veterum,
1637 765 1799 831 quam
1840 765 2213 828 recentiorum,
2269 765 2325 817 in
2391 779 2394 782 ’

531 848 674 915 omni
709 847 1014 916 linguarum
1054 847 1377 916 cognitione,
1417 848 1449 898 a
1485 848 1670 917 primis
1708 848 1833 900 artis
1857 848 2103 901 Medicae
2139 849 2326 902 inven-

526 927 732 982 toribus
772 939 822 983 et
846 930 1233 1000 scriptoribus„
1254 950 1423 999 usque
1461 933 1798 984 ad'nostram
1824 941 2047 985 aetatem
2085 941 2135 986 et
2172 952 2324 987 secu-

528 1014 657 1066 lum.
779 1014 1021 1067 Authore
1098 1014 1494 1086 Guolphgango
1570 1015 1730 1069 Justo
1804 1015 2324 1087 Francophordiano.

524 1098 913 1169 Francophorti
969 1101 1037 1151 ad
1093 1100 1357 1152 Viadrum
1412 1100 1467 1151 in
1527 1101 1738 1153 officina
1792 1100 1832 1154 J
1836 1101 2017 1154 oannis
2072 1101 2323 1155 Eichorn.

530 1183 692 1236 Anno
731 1184 1004 1237 MDLVI.
1045 1184 1102 1251 (8
1140 1183 1293 1252 min.)
2314 1240 2318 1245 ,

412 1267 518 1320 Die
556 1268 798 1339 Epistola
836 1269 1184 1321 dedicatoria:
1262 1268 1570 1322 Clarissimo
1598 1239 1757 1332 Viro,
1798 1270 2093 1323 eruditione
2131 1279 2181 1323 et
2217 1271 2326 1324 vir-

219 1418 224 1420 ·
270 1353 381 1404 tute
424 1354 710 1422 praestanti
757 1354 826 1404 D.
874 1353 1043 1405 Paulo
1094 1354 1297 1417 Ebero,
1347 1354 1607 1407 bonarum
1655 1354 1848 1406 artium
1893 1353 2213 1419 Professori,
2271 1342 2357 1407 'n‘

272 1434 464 1488 celebri
499 1436 793 1489 Academia
832 1437 1228 1507 Vitebergensi,
1268 1440 1490 1489 umfasst
1528 1438 1562 1489 4
1603 1439 1922 1507 ungez‘ahlte
1960 1439 2184 1504 Blatter,
2232 1440 2327 1492 der

272 1518 412 1572 Text
453 1520 554 1571 174
591 1520 790 1585 Seiten,
822 1523 946 1589 jede
985 1542 1087 1573 nur
1123 1541 1219 1573 zur
1257 1521 1442 1575 Halfte
1488 1521 1774 1586 bedruckt,
1822 1523 1942 1575 weil
1980 1523 2099 1576 wie·
2124 1523 2180 1575 in
2217 1521 2326 1577 Gre-

271 1604 726 1658 schichtstabellen
773 1608 868 1658 auf
909 1607 1003 1658 der
1057 1608 1256 1658 andern
1312 1607 1443 1659 zwei
1490 1607 1767 1659 Rubriken
1821 1608 1908 1659 fiir
1963 1608 2048 1659 die
2093 1607 2322 1660 Zahlen:

271 1707 407 1741 anno
444 1691 629 1741 mundi
667 1692 778 1742 und
817 1710 954 1742 anno
993 1700 1112 1743 ante
1152 1691 1421 1743 Christum
1462 1693 1588 1744 oder
1628 1691 1828 1744 Christi
1863 1693 1997 1744 sind.
2075 1692 2188 1745 Der
2225 1692 2321 1744 In-

272 1773 377 1825 dex
414 1773 773 1844 alphabeticus
809 1776 900 1827 hat
940 1776 1005 1826 12
1043 1776 1365 1844 ungezahltn
1390 1776 1609 1828 Blatter.
1685 1775 1806 1827 Auf
1836 1773 1980 1829 Seite
2023 1777 2125 1828 110
2159 1776 2321 1829 heisst

273 1875 327 1909 es
365 1858 507 1910 dort:
986 1891 988 1893 -

597 1941 783 1995 Simon
821 1943 861 1996 J
865 1963 1110 1996 anuensis
1148 1945 1232 1996 vel
1271 1942 1590 2008 Genuensis,
1630 1945 1756 1997 alias
1796 1943 2048 1998 Geniates
2088 1964 2120 1996 a
2146 1943 2325 1997 Cordo

526 2028 744 2091 dicitur,
803 2029 1055 2081 Medicus>
1098 2030 1598 2094 excellentissimus,
1661 2030 1796 2083 vixit
1840 2030 2042 2082 Romae
2096 2030 2152 2081 in
2205 2030 2327 2082 aula

524 2112 802 2176 Pontificis
842 2112 1047 2164 Nicolai
1085 2113 1134 2165 4.
1176 2114 1267 2181 qui
1295 2115 1491 2165 electus
1530 2133 1666 2166 anno
1710 2114 1860 2166 1288.
1913 2113 2020 2166 Hic
2059 2115 2165 2165 una
2203 2132 2325 2166 cum

528 2196 838 2249 Abrahamo
879 2197 1091 2250 Judaeo
1130 2198 1394 2250 transtulit
1430 2198 1470 2251 J
1475 2199 1657 2250 oannis
1701 2198 1796 2249 filii
1841 2197 2145 2268 Serapionis
2191 2217 2355 2270 opus-

526 2283 592 2333 de
631 2281 822 2351 simpli.
862 2282 1082 2335 medica.

413 2367 502 2418 Da
546 2366 631 2418 ich
688 2385 794 2418 von
839 2366 1203 2419 Matthaeus
1251 2366 1569 2420 Silvatius
1615 2367 1751 2419 auch
1809 2368 1923 2424 eine
1979 2386 2087 2419 von
2133 2365 2326 2436 Meyer

272 2451 381 2519 (IV
421 2451 520 2503 173
559 2449 659 2520 fg.)
700 2451 846 2503 nicht
883 2471 1118 2521 genauer
1155 2451 1528 2504 beschriebene
1566 2451 1825 2521 Ausgabe
1862 2451 2130 2515 benutzte,
2179 2470 2324 2504 muss

271 2537 357 2588 ich
394 2536 509 2589 hier
544 2536 696 2588 ihren
734 2537 1125 2606 vollstandigen
1165 2537 1303 2589 Titel
1339 2536 1534 2606 geben3

1095 2621 1396 2674 Pandectae
1433 2622 1739 2674 Medicinae

567 2704 721 2775 Opus
766 2705 1177 2758 Pandectarium
1221 2706 1524 2758 Medicinae
1579 2706 1854 2758 clarissimi
1910 2706 2012 2758 viri
2066 2705 2325 2758 Matthaei

528 2789 792 2854 Silvatici,
849 2800 955 2842 tam
1002 2791 1382 2853 Aromatariis,
1442 2810 1602 2858 quam
1655 2790 1882 2842 Medicis
1929 2789 2174 2857 omnibus
2231 2808 2324 2842 ne-

528 2876 835 2938 cessarium,
883 2876 1185 2944 nuperrime
1234 2875 1539 2944 castigatius
1585 2874 1874 2936 redditum,
1930 2881 1980 2925 et
2023 2892 2130 2926 non
2175 2874 2324 2926 inve-

527 2960 695 3012 nustis
734 2959 1122 3012 characteribus
1158 2960 1214 3011 in
1257 2960 1482 3029 gratiam
1530 2959 1887 3011 studiosorum
1935 2977 2214 3022 excusum,
2261 2977 2324 3011 ac

528 3044 770 3114 plurimis
815 3042 1277 3096 celeberrimorum
1314 3043 1608 3106 Amorum,
1654 3043 1711 3094 in
1755 3043 2048 3113 primisque
2093 3041 2323 3095 Simonis

530 3127 850 3192 GenuensiS,
909 3127 1361 3180 Adnotationibus
1419 3129 1664 3180 decenter
1719 3127 2063 3190 illustratum,
2119 3144 2324 3178 necnon

527 3212 687 3263 variis
725 3212 986 3283 capitibus
1023 3213 1342 3282 simplicium
1368 3212 1771 3275 medicinarum,
1811 3229 1947 3280 quae
1983 3211 2038 3262 in
2063 3211 2322 3280 perquam

527 3296 705 3348 multis
745 3296 1015 3349 codicibus
1053 3316 1159 3349 non
1198 3297 1620 3366 comperiuntur,
1669 3297 1975 3348 adauctum:
2027 3313 2149 3347 cum
2187 3293 2322 3346 Tra—
