2398 3632
311 404 452 448 ctatu
481 413 693 463 quoque
720 394 1013 447 declarante
1042 401 1296 462 quantum
1322 412 1387 445 ex
1425 393 1660 446 solutivis
1695 391 1967 446 laboriosis
2003 390 2083 444 in-

297 480 576 549 grediatur
613 498 708 548 pro
754 478 961 548 singula
998 478 1246 530 drachma
1283 477 1565 546 pilularum
1603 486 1653 530 et
1689 469 2083 530 electuariorum

310 564 671 616 solutivorum.
755 562 964 614 Tabula
1001 562 1318 632 simplicium
1364 563 1604 632 proxime
1652 570 1952 630 sequentem
1990 582 2084 632 pa-

309 648 487 718 ginam
540 647 736 699 volenti
790 665 901 699 sese
956 646 1119 698 offert.
1177 644 1424 714 Subjecta
1479 665 1691 714 quoque
1746 655 1820 699 est
1864 648 1918 698 in
1982 647 2084 699 fine

310 733 482 801 operis
521 731 728 783 Tabula
779 731 1013 784 omnium
1059 731 1291 800 capitum
1335 750 1429 801 per
1471 731 1843 784 elementorum
1880 730 2083 801 Alpha-

310 816 414 868 beti
471 817 657 868 seriem
712 817 928 884 digesta.
1012 814 1240 884 Adjecta
1313 816 1437 868 item
1499 817 1645 868 fuere
1695 814 2086 869 Adnotamenta

309 902 558 971 pleraque
617 901 861 952 studiosis
915 899 1229 952 Lectoribus
1284 901 1426 952 haud
1472 900 1630 952 dubie
1674 902 1949 970 profutura
1992 919 2087 970 per

309 986 562 1038 eximium
604 985 848 1038 Medicae
902 985 1162 1037 facultatis
1210 986 1559 1054 professorem
1605 984 1895 1036 Dominum
1939 985 2087 1037 Mar-

309 1071 475 1122 tinum
518 1071 581 1122 de
619 1069 923 1139 SospiteHO,
966 1070 1058 1137 qui
1083 1088 1188 1121 non
1213 1088 1383 1139 pauca
1409 1088 1544 1137 quae
1572 1069 1856 1138 depravata
1880 1069 2086 1127 fuerant

308 1155 592 1224 integritati
631 1173 755 1206 suae
792 1173 897 1206 non
933 1154 1270 1223 indiligenter
1306 1154 1545 1206 restituit.

1054 1238 1337 1308 Lugduni,

776 1324 917 1395 apud
957 1322 1322 1376 Theobaldum
1360 1323 1639 1393 Paganum

1061 1408 1340 1460 MDXLL

198 1493 302 1547 Die
339 1494 711 1547 Schlusschrift
754 1494 820 1546 ist
866 1513 947 1558 so,
997 1493 1097 1546 wie
1134 1493 1323 1561 Meyer
1374 1492 1608 1562 angiebt,
1656 1511 1756 1543 nur
1801 1492 1934 1543 steht
1971 1485 2089 1544 dort

56 1579 198 1631 nicht
235 1579 601 1632 Theobaldum
639 1598 830 1648 payen,
878 1578 1104 1630 sondern
1140 1578 1240 1631 wie
1278 1578 1374 1629 auf
1405 1579 1524 1630 dem
1562 1577 1860 1629 Titelblatte
1907 1577 2084 1629 schon:

56 1663 421 1717 Theobaldum
475 1663 777 1734 Paganum,
835 1664 968 1714 und:
1026 1662 1187 1714 Anno
1234 1662 1453 1714 Domini
1502 1662 1782 1714 MDXLI.
1841 1662 1941 1714 die.
1989 1662 2088 1714 VI.

55 1749 247 1801 mensis
284 1747 504 1818 Aprilis.

195 1831 344 1884 Nach
382 1833 475 1884 der
512 1831 718 1884 Tabula
756 1827 1106 1902 Simplicium,
1147 1831 1232 1884 die
1270 1833 1301 1882 7
1342 1830 1519 1884 Seiten
1558 1832 1702 1894 funt,
1741 1829 1960 1900 beginnt
1998 1831 2089 1883 das

56 1917 247 1980 Werk,
296 1917 394 1969 wie
439 1916 628 1985 Meyer
674 1915 727 1969 S.
781 1917 880 1967 172
928 1925 1091 1968 unten
1135 1916 1373 1985 angiebt,
1424 1935 1524 1967 nur
1568 1916 1703 1968 steht
1748 1915 1884 1967 noch
1920 1915 2092 1966 hinter

55 2003 206 2054 Lira
250 2002 545 2072 fiolgendes:
592 2001 828 2053 Additur
873 1999 1076 2069 Symon
1112 2001 1397 2054 Januensis
1446 2000 1647 2068 ubique.
1688 2018 1782 2070 per
1817 1999 2090 2069 Alphabe-

29 2080 197 2140 ,ῖι1111έ
241 2085 480 2156 vigilanti
526 2086 698 2137 studio
737 2084 1074 2138 Correctum:
1115 2094 1164 2138 et
1200 2085 1377 2137 multis
1402 2085 1458 2136 in
1482 2084 1609 2136 locis
1646 2084 1836 2136 additis
1876 2085 2092 2135 adnota-

55 2170 285 2225 tionibus
330 2170 681 2241 capitulorum
730 2178 780 2223 et
825 2178 1099 2222 auctorum
1144 2189 1407 2238 nusquam
1450 2169 1718 2239 impressis
1762 2188 1856 2238 per
1901 2169 2090 2220 artium

56 2265 106 2310 et
141 2255 440 2308 Medicinae
478 2256 744 2308 doctorem
769 2255 1116 2307 Dominicum
1154 2254 1448 2307 Martinum
1486 2255 1551 2306 de
1588 2252 1891 2324 Sospitello:
1928 2253 2091 2305 felici*
2132 2321 2137 2324 ‚

55 2350 133 2394 ter
167 2341 368 2410 incipit.
443 2339 604 2393 Anno
640 2338 1182 2393 MCCCCCXXIV.

196 2425 276 2477 Zu
320 2425 422 2477 den
466 2425 598 2478 zwei
635 2422 853 2488 SteHen‚
903 2423 1036 2493 Cap.
1079 2424 1180 2476 116
1218 2423 1484 2476 Bruculus
1529 2385 1638 2474 und
1689 2423 1789 2474 197
1828 2421 2089 2486 Culcasia,

58 2511 143 2564 die
168 2510 357 2579 Meyer
375 2508 430 2562 S.
461 2509 561 2561 168
596 2510 878 2579 angefiihrt
912 2510 1020 2572 hat,
1059 2510 1201 2561 kann
1238 2509 1323 2561 ich
1359 2508 1496 2560 noch
1531 2508 1792 2578 folgende,
1830 2508 1886 2558 in
1923 2508 2092 2560 denen

58 2615 114 2648 er
151 2593 442 2665 gleichfalls
479 2613 586 2646 von
623 2594 732 2646 sich
771 2595 898 2646 oder
935 2594 1102 2646 seiner
1139 2593 1392 2645 Heimath
1431 2593 1652 2662 spricht,
1691 2592 2038 2661 hinzufiigen:

201 2677 331 2748 Cap.
372 2677 656 2730 XXXIV.
730 2677 902 2730 Altea,
941 2678 1014 2729 im
1051 2676 1363 2730 Abschnitt:
1402 2676 1580 2729 Posse.

198 2762 309 2815 Nos
344 2763 460 2832 ipsa
497 2752 698 2832 experti
734 2781 913 2814 sumus
948 2763 1091 2830 quod
1116 2763 1237 2814 trita
1274 2781 1393 2814 cum
1419 2761 1672 2830 laxungia
1708 2761 1870 2813 veteri
1908 2768 1959 2813 et
1992 2760 2092 2811 im-

60 2849 233 2919 posita
267 2849 559 2918 podagram
596 2847 746 2900 tertia
785 2848 870 2900 die
909 2855 1072 2900 sanat

202 2932 335 3002 Pag.
374 2932 460 2984 55.
501 2933 733 2985 cimolea.
772 2941 912 2985 terra
949 2933 1270 3002 argentaria,
1311 2951 1470 3027 quam
1509 2951 1607 3001 ego
1643 2931 1754 2983 vidi
1793 2928 2047 2984 Sardinie.

200 3016 681 3112 Pag.168‚lapis
720 3017 1016 3070 diaconitis·
1063 3017 1183 3087 Ego
1229 3025 1403 3068 autem
1447 3017 1503 3067 in
1539 3015 1776 3085 partibus
1813 3013 2092 3067 Alamanie

59 3102 115 3155 in
151 3101 334 3154 sueuia
370 3101 482 3154 vidi
528 3101 756 3170 lapidem
791 3120 959 3172 super
1003 3121 1160 3170 quem
1199 3108 1547 3154 convenerant
1589 3100 1708 3170 plus
1746 3118 1796 3167 q
1836 3100 1941 3151 duo
1986 3118 2092 3152 ser-

60 3194 274 3257 pentes,
298 3226 309 3237 .
331 3227 342 3238 .
367 3227 377 3237 .
427 3193 479 3238 et
514 3185 656 3238 hunc
692 3186 920 3260 lapidem
967 3185 1031 3238 ab
1078 3205 1244 3239 uxore
1290 3186 1525 3254 ejusdem
1569 3183 1758 3236 nobilis
1801 3183 1929 3235 mihi
1972 3202 2091 3254 pre-

61 3278 320 3324 sentatum
356 3270 454 3322 fuit
492 3288 613 3322 cum
643 3270 821 3350 ‘capite
859 3271 1094 3339 ejusdem
1131 3271 1400 3340 serpentis,

203 3354 628 3426 Asusibendegi.
661 3396 670 3406 .
697 3396 706 3406 .
733 3395 743 3406 .
782 3355 838 3407 in
873 3355 1056 3426 lingua
1092 3364 1268 3409 nostra
1305 3362 1524 3408 vocatur
1562 3353 1793 3406 smirillo.

993 3437 1032 3480 ⁸
1727 3437 1754 3462 ὕ
