<?xml version="1.0" encoding="UTF-8"?>
<!DOCTYPE html PUBLIC "-//W3C//DTD XHTML 1.0 Transitional//EN"
    "http://www.w3.org/TR/xhtml1/DTD/xhtml1-transitional.dtd">
<html xmlns="http://www.w3.org/1999/xhtml" xml:lang="en" lang="en">
 <head>
  <title>
</title>
<meta http-equiv="Content-Type" content="text/html;charset=utf-8" />
  <meta name='ocr-system' content='tesseract 3.04.00' />
  <meta name='ocr-capabilities' content='ocr_page ocr_carea ocr_par ocr_line ocrx_word'/>
</head>
<body>
  <div class='ocr_page' id='page_1' title='image "./botanikderspaete00lang_0161.png"; bbox 0 0 2398 3632; ppageno 0'>
   <div class='ocr_carea' id='block_1_1' title="bbox 515 609 1725 721">
    <p class='ocr_par' dir='ltr' id='par_1_1' title="bbox 515 609 1725 721">
     <span class='ocr_line' id='line_1_1' title="bbox 515 609 1725 721; baseline 0.003 -30"><span class='ocrx_word' id='word_1_1' title='bbox 515 626 1155 721; x_wconf 77' lang='lat' dir='ltr'>¹Verbesserungen</span> <span class='ocrx_word' id='word_1_2' title='bbox 1213 628 1360 693; x_wconf 87' lang='lat' dir='ltr'>und</span> <span class='ocrx_word' id='word_1_3' title='bbox 1413 609 1725 696; x_wconf 61' lang='lat' dir='ltr'>Zusatze.</span> 
     </span>
    </p>
   </div>
   <div class='ocr_carea' id='block_1_2' title="bbox 183 789 2148 1287">
    <p class='ocr_par' dir='ltr' id='par_1_2' title="bbox 254 789 1424 864">
     <span class='ocr_line' id='line_1_2' title="bbox 254 789 1424 864; baseline 0.002 -20"><span class='ocrx_word' id='word_1_4' title='bbox 254 789 393 844; x_wconf 86' lang='lat' dir='ltr'>Seite</span> <span class='ocrx_word' id='word_1_5' title='bbox 431 793 464 844; x_wconf 88' lang='lat'><strong>3</strong></span> <span class='ocrx_word' id='word_1_6' title='bbox 501 794 624 843; x_wconf 89' lang='lat' dir='ltr'>fam.</span> <span class='ocrx_word' id='word_1_7' title='bbox 662 792 698 842; x_wconf 99' lang='lat'>4</span> <span class='ocrx_word' id='word_1_8' title='bbox 735 791 869 844; x_wconf 89' lang='lat' dir='ltr'>oben</span> <span class='ocrx_word' id='word_1_9' title='bbox 906 793 972 843; x_wconf 85' lang='lat' dir='ltr'>ist</span> <span class='ocrx_word' id='word_1_10' title='bbox 1008 793 1424 864; x_wconf 81' lang='lat' dir='ltr'>hinzuzufugen·</span> 
     </span>
    </p>

    <p class='ocr_par' dir='ltr' id='par_1_3' title="bbox 232 875 1401 946">
     <span class='ocr_line' id='line_1_3' title="bbox 232 875 1401 946; baseline 0.003 -20.052"><span class='ocrx_word' id='word_1_11' title='bbox 232 875 303 939; x_wconf 87' lang='grc'><strong>’,4</strong></span> <span class='ocrx_word' id='word_1_12' title='bbox 344 876 425 927; x_wconf 95' lang='grc'>11.</span> <span class='ocrx_word' id='word_1_13' title='bbox 464 878 666 929; x_wconf 92' lang='lat' dir='ltr'>Lotus</span> <span class='ocrx_word' id='word_1_14' title='bbox 704 876 1297 946; x_wconf 90' lang='lat' dir='ltr'>ornithopodioides</span> <span class='ocrx_word' id='word_1_15' title='bbox 1336 879 1401 929; x_wconf 90' lang='lat' dir='ltr'>L.</span> 
     </span>
    </p>

    <p class='ocr_par' dir='ltr' id='par_1_4' title="bbox 183 960 2146 1199">
     <span class='ocr_line' id='line_1_4' title="bbox 253 960 2146 1061; baseline 0.003 -49"><span class='ocrx_word' id='word_1_16' title='bbox 253 960 438 1027; x_wconf 83' lang='lat' dir='ltr'>(Fraas</span> <span class='ocrx_word' id='word_1_17' title='bbox 476 962 559 1012; x_wconf 79' lang='lat'>62.</span> <span class='ocrx_word' id='word_1_18' title='bbox 615 961 901 1013; x_wconf 86' lang='lat' dir='ltr'>Rosenthal</span> <span class='ocrx_word' id='word_1_19' title='bbox 928 961 1196 1061; x_wconf 81' lang='lat' dir='ltr'>Synopsis</span> <span class='ocrx_word' id='word_1_20' title='bbox 1235 962 1353 1014; x_wconf 86' lang='lat'>994.</span> <span class='ocrx_word' id='word_1_21' title='bbox 1412 963 1591 1015; x_wconf 89' lang='lat' dir='ltr'>Diosc.</span> <span class='ocrx_word' id='word_1_22' title='bbox 1630 964 1674 1026; x_wconf 89' lang='grc' dir='ltr'>Ι,</span> <span class='ocrx_word' id='word_1_23' title='bbox 1714 965 1832 1016; x_wconf 78' lang='grc'><strong>273.</strong></span> <span class='ocrx_word' id='word_1_24' title='bbox 1888 964 1962 1027; x_wconf 90' lang='grc' dir='ltr'>ΙΙ,</span> <span class='ocrx_word' id='word_1_25' title='bbox 1999 964 2146 1031; x_wconf 77' lang='lat'>466.)</span> 
     </span>
     <span class='ocr_line' id='line_1_5' title="bbox 184 1038 2076 1118; baseline 0.002 -21"><span class='ocrx_word' id='word_1_26' title='bbox 184 1041 534 1113; x_wconf 81' lang='grc' dir='ltr'><strong>κορωνόπους,</strong></span> <span class='ocrx_word' id='word_1_27' title='bbox 610 1038 1004 1115; x_wconf 75' lang='grc' dir='ltr'><strong>κορωνοπόὸιον,</strong></span> <span class='ocrx_word' id='word_1_28' title='bbox 1083 1042 1343 1114; x_wconf 80' lang='grc' dir='ltr'><strong>ἄμμονος,</strong></span> <span class='ocrx_word' id='word_1_29' title='bbox 1462 1043 1695 1117; x_wconf 78' lang='grc' dir='ltr'><strong>ἄστρων,</strong></span> <span class='ocrx_word' id='word_1_30' title='bbox 1774 1045 2076 1118; x_wconf 79' lang='grc' dir='ltr'><strong>ἀτιρσίπτη,</strong></span> 
     </span>
     <span class='ocr_line' id='line_1_6' title="bbox 183 1125 1514 1199; baseline 0 -17"><span class='ocrx_word' id='word_1_31' title='bbox 183 1125 568 1197; x_wconf 81' lang='grc' dir='ltr'><strong>κακιοίτρικεμ,</strong></span> <span class='ocrx_word' id='word_1_32' title='bbox 610 1127 786 1195; x_wconf 79' lang='grc' dir='ltr'>στιλοί</span> <span class='ocrx_word' id='word_1_33' title='bbox 766 1149 867 1192; x_wconf 75' lang='grc' dir='ltr'>’,ω</span> <span class='ocrx_word' id='word_1_34' title='bbox 921 1156 926 1157; x_wconf 47' lang='grc'><em>’</em></span> <span class='ocrx_word' id='word_1_35' title='bbox 1086 1126 1514 1199; x_wconf 75' lang='grc' dir='ltr'>σαγγουινὸίριαμ.</span> 
     </span>
    </p>

    <p class='ocr_par' dir='ltr' id='par_1_5' title="bbox 205 1211 2148 1287">
     <span class='ocr_line' id='line_1_7' title="bbox 205 1211 2148 1287; baseline 0.002 -23"><span class='ocrx_word' id='word_1_36' title='bbox 205 1272 212 1274; x_wconf 38' lang='grc'>-</span> <span class='ocrx_word' id='word_1_37' title='bbox 251 1212 317 1264; x_wconf 89' lang='lat' dir='ltr'>In</span> <span class='ocrx_word' id='word_1_38' title='bbox 354 1213 446 1265; x_wconf 90' lang='lat' dir='ltr'>der</span> <span class='ocrx_word' id='word_1_39' title='bbox 483 1212 643 1266; x_wconf 87' lang='lat' dir='ltr'>Stelle</span> <span class='ocrx_word' id='word_1_40' title='bbox 680 1212 765 1265; x_wconf 88' lang='lat' dir='ltr'>bei</span> <span class='ocrx_word' id='word_1_41' title='bbox 801 1212 957 1264; x_wconf 85' lang='lat' dir='ltr'><strong>Paul.</strong></span> <span class='ocrx_word' id='word_1_42' title='bbox 996 1212 1134 1281; x_wconf 83' lang='lat' dir='ltr'>Aeg.</span> <span class='ocrx_word' id='word_1_43' title='bbox 1174 1213 1309 1266; x_wconf 93' lang='lat' dir='ltr'>VII.</span> <span class='ocrx_word' id='word_1_44' title='bbox 1359 1214 1391 1265; x_wconf 84' lang='lat'><strong>3</strong></span> <span class='ocrx_word' id='word_1_45' title='bbox 1429 1211 1790 1283; x_wconf 78' lang='grc' dir='ltr'>κορωνὸποδος</span> <span class='ocrx_word' id='word_1_46' title='bbox 1827 1211 1859 1287; x_wconf 77' lang='grc' dir='ltr'>ἦ</span> <span class='ocrx_word' id='word_1_47' title='bbox 1902 1216 2018 1285; x_wconf 68' lang='grc' dir='ltr'>ῥίζα</span> <span class='ocrx_word' id='word_1_48' title='bbox 2056 1215 2148 1269; x_wconf 80' lang='grc' dir='ltr'>καὶ</span> 
     </span>
    </p>
   </div>
   <div class='ocr_carea' id='block_1_3' title="bbox 7 1293 2146 1369">
    <p class='ocr_par' dir='ltr' id='par_1_6' title="bbox 7 1293 2146 1369">
     <span class='ocr_line' id='line_1_8' title="bbox 7 1293 2146 1369; baseline 0 -19"><span class='ocrx_word' id='word_1_49' title='bbox 7 1297 23 1310; x_wconf 76' lang='grc'><strong>“</strong></span> <span class='ocrx_word' id='word_1_50' title='bbox 113 1293 245 1369; x_wconf 78' lang='grc' dir='ltr'>αὐτὴ</span> <span class='ocrx_word' id='word_1_51' title='bbox 284 1298 628 1352; x_wconf 74' lang='grc' dir='ltr'>πεπίστευται</span> <span class='ocrx_word' id='word_1_52' title='bbox 674 1303 921 1360; x_wconf 78' lang='grc' dir='ltr'><strong>κωλικοῐς</strong></span> <span class='ocrx_word' id='word_1_53' title='bbox 965 1295 1180 1366; x_wconf 79' lang='grc' dir='ltr'>ὠφελεῖν</span> <span class='ocrx_word' id='word_1_54' title='bbox 1221 1299 1502 1368; x_wconf 49' lang='grc' dir='ltr'>ἐσῇιομένη</span> <span class='ocrx_word' id='word_1_55' title='bbox 1549 1299 1615 1350; x_wconf 89' lang='lat' dir='ltr'>ist</span> <span class='ocrx_word' id='word_1_56' title='bbox 1659 1299 1744 1350; x_wconf 82' lang='lat' dir='ltr'>fiir</span> <span class='ocrx_word' id='word_1_57' title='bbox 1790 1303 2037 1362; x_wconf 80' lang='grc' dir='ltr'>κωλικοῖς</span> <span class='ocrx_word' id='word_1_58' title='bbox 2080 1319 2146 1350; x_wconf 91' lang='lat' dir='ltr'>zu</span> 
     </span>
    </p>
   </div>
   <div class='ocr_carea' id='block_1_4' title="bbox 108 1377 2150 2719">
    <p class='ocr_par' dir='ltr' id='par_1_7' title="bbox 109 1377 2149 1622">
     <span class='ocr_line' id='line_1_9' title="bbox 111 1377 2149 1453; baseline -0 -18"><span class='ocrx_word' id='word_1_59' title='bbox 111 1390 287 1436; x_wconf 89' lang='lat' dir='ltr'>setzen</span> <span class='ocrx_word' id='word_1_60' title='bbox 323 1387 624 1445; x_wconf 72' lang='grc' dir='ltr'><strong>κωλιακοῖς.</strong></span> <span class='ocrx_word' id='word_1_61' title='bbox 699 1382 776 1435; x_wconf 91' lang='lat' dir='ltr'>At</span> <span class='ocrx_word' id='word_1_62' title='bbox 811 1383 904 1453; x_wconf 21' lang='lat' dir='ltr'>hio,</span> <span class='ocrx_word' id='word_1_63' title='bbox 935 1402 1095 1446; x_wconf 90' lang='lat' dir='ltr'>error,</span> <span class='ocrx_word' id='word_1_64' title='bbox 1136 1391 1252 1451; x_wconf 85' lang='lat' dir='ltr'>sagt</span> <span class='ocrx_word' id='word_1_65' title='bbox 1289 1382 1329 1436; x_wconf 82' lang='lat' dir='ltr'><strong>J</strong></span> <span class='ocrx_word' id='word_1_66' title='bbox 1333 1403 1413 1435; x_wconf 89' lang='lat' dir='ltr'>an.</span> <span class='ocrx_word' id='word_1_67' title='bbox 1455 1382 1760 1447; x_wconf 81' lang='lat' dir='ltr'>Cornarius,</span> <span class='ocrx_word' id='word_1_68' title='bbox 1807 1402 1913 1436; x_wconf 94' lang='lat' dir='ltr'>non</span> <span class='ocrx_word' id='word_1_69' title='bbox 1948 1377 2149 1435; x_wconf 78' lang='lat' dir='ltr'>librarii</span> 
     </span>
     <span class='ocr_line' id='line_1_10' title="bbox 111 1463 2149 1537; baseline -0.001 -16"><span class='ocrx_word' id='word_1_70' title='bbox 111 1476 186 1522; x_wconf 85' lang='lat' dir='ltr'>est</span> <span class='ocrx_word' id='word_1_71' title='bbox 232 1487 297 1520; x_wconf 87' lang='lat' dir='ltr'>ex</span> <span class='ocrx_word' id='word_1_72' title='bbox 335 1463 673 1521; x_wconf 82' lang='lat' dir='ltr'>similitudine</span> <span class='ocrx_word' id='word_1_73' title='bbox 711 1487 904 1520; x_wconf 88' lang='lat' dir='ltr'>vocum</span> <span class='ocrx_word' id='word_1_74' title='bbox 943 1467 1175 1537; x_wconf 84' lang='lat' dir='ltr'>decepti,</span> <span class='ocrx_word' id='word_1_75' title='bbox 1223 1469 1315 1521; x_wconf 90' lang='lat' dir='ltr'>sed</span> <span class='ocrx_word' id='word_1_76' title='bbox 1352 1468 1515 1534; x_wconf 89' lang='lat' dir='ltr'>ipsius</span> <span class='ocrx_word' id='word_1_77' title='bbox 1554 1469 1787 1521; x_wconf 83' lang='lat' dir='ltr'>authoris</span> <span class='ocrx_word' id='word_1_78' title='bbox 1823 1468 2004 1520; x_wconf 89' lang='lat' dir='ltr'>Pauli:</span> <span class='ocrx_word' id='word_1_79' title='bbox 2058 1470 2149 1537; x_wconf 89' lang='lat' dir='ltr'>qui</span> 
     </span>
     <span class='ocr_line' id='line_1_11' title="bbox 109 1551 2147 1622; baseline -0 -18"><span class='ocrx_word' id='word_1_80' title='bbox 109 1571 276 1621; x_wconf 91' lang='lat' dir='ltr'>quum</span> <span class='ocrx_word' id='word_1_81' title='bbox 303 1552 545 1604; x_wconf 84' lang='lat' dir='ltr'>alaudam</span> <span class='ocrx_word' id='word_1_82' title='bbox 573 1553 750 1605; x_wconf 90' lang='lat' dir='ltr'>colicis</span> <span class='ocrx_word' id='word_1_83' title='bbox 775 1553 1021 1622; x_wconf 83' lang='lat' dir='ltr'>opitulari</span> <span class='ocrx_word' id='word_1_84' title='bbox 1046 1561 1198 1605; x_wconf 90' lang='lat' dir='ltr'>antea</span> <span class='ocrx_word' id='word_1_85' title='bbox 1223 1553 1529 1622; x_wconf 80' lang='lat' dir='ltr'>scripsisset,</span> <span class='ocrx_word' id='word_1_86' title='bbox 1555 1572 1681 1605; x_wconf 84' lang='lat' dir='ltr'>mox</span> <span class='ocrx_word' id='word_1_87' title='bbox 1706 1554 1836 1606; x_wconf 87' lang='lat' dir='ltr'>haec</span> <span class='ocrx_word' id='word_1_88' title='bbox 1862 1551 2147 1621; x_wconf 84' lang='lat' dir='ltr'>subjunxit.</span> 
     </span>
    </p>

    <p class='ocr_par' dir='ltr' id='par_1_8' title="bbox 109 1630 2148 1791">
     <span class='ocr_line' id='line_1_12' title="bbox 251 1630 2148 1707; baseline -0.001 -18"><span class='ocrx_word' id='word_1_89' title='bbox 251 1630 393 1690; x_wconf 80' lang='lat' dir='ltr'>Seite</span> <span class='ocrx_word' id='word_1_90' title='bbox 428 1636 464 1686; x_wconf 94' lang='lat'>4</span> <span class='ocrx_word' id='word_1_91' title='bbox 500 1637 640 1689; x_wconf 89' lang='lat' dir='ltr'>Zeile</span> <span class='ocrx_word' id='word_1_92' title='bbox 677 1638 711 1690; x_wconf 85' lang='lat'><strong>3</strong></span> <span class='ocrx_word' id='word_1_93' title='bbox 746 1657 797 1689; x_wconf 81' lang='lat' dir='ltr'>U.</span> <span class='ocrx_word' id='word_1_94' title='bbox 823 1636 860 1688; x_wconf 94' lang='lat'>4</span> <span class='ocrx_word' id='word_1_95' title='bbox 896 1637 1116 1690; x_wconf 88' lang='lat' dir='ltr'>streiche</span> <span class='ocrx_word' id='word_1_96' title='bbox 1154 1635 1410 1707; x_wconf 75' lang='grc' dir='ltr'>κυβώριον</span> <span class='ocrx_word' id='word_1_97' title='bbox 1449 1638 1559 1689; x_wconf 92' lang='lat' dir='ltr'>und</span> <span class='ocrx_word' id='word_1_98' title='bbox 1598 1634 1835 1707; x_wconf 71' lang='grc' dir='ltr'>κιβώριον</span> <span class='ocrx_word' id='word_1_99' title='bbox 1877 1637 2148 1703; x_wconf 82' lang='lat' dir='ltr'>(Schneid.</span> 
     </span>
     <span class='ocr_line' id='line_1_13' title="bbox 109 1719 1971 1791; baseline -0.001 -18"><span class='ocrx_word' id='word_1_100' title='bbox 109 1739 177 1773; x_wconf 89' lang='lat' dir='ltr'>zu</span> <span class='ocrx_word' id='word_1_101' title='bbox 212 1719 328 1772; x_wconf 92' lang='lat' dir='ltr'>Nic.</span> <span class='ocrx_word' id='word_1_102' title='bbox 368 1722 555 1790; x_wconf 86' lang='lat' dir='ltr'><strong>fragm.</strong></span> <span class='ocrx_word' id='word_1_103' title='bbox 595 1741 646 1791; x_wconf 88' lang='lat' dir='ltr'>p.</span> <span class='ocrx_word' id='word_1_104' title='bbox 688 1721 831 1788; x_wconf 83' lang='lat'>115).</span> <span class='ocrx_word' id='word_1_105' title='bbox 1947 1733 1971 1754; x_wconf 86' lang='lat'><strong>·</strong></span> 
     </span>
    </p>

    <p class='ocr_par' dir='ltr' id='par_1_9' title="bbox 219 1803 1466 1875">
     <span class='ocr_line' id='line_1_14' title="bbox 219 1803 1466 1875; baseline 0 -21"><span class='ocrx_word' id='word_1_106' title='bbox 219 1852 221 1854; x_wconf 80' lang='grc'><strong>,</strong></span> <span class='ocrx_word' id='word_1_107' title='bbox 251 1803 393 1858; x_wconf 85' lang='lat' dir='ltr'>Seite</span> <span class='ocrx_word' id='word_1_108' title='bbox 429 1805 465 1856; x_wconf 94' lang='lat'>4</span> <span class='ocrx_word' id='word_1_109' title='bbox 500 1808 623 1857; x_wconf 85' lang='lat' dir='ltr'>fam.</span> <span class='ocrx_word' id='word_1_110' title='bbox 662 1806 697 1856; x_wconf 89' lang='lat'>4</span> <span class='ocrx_word' id='word_1_111' title='bbox 732 1807 798 1858; x_wconf 87' lang='lat' dir='ltr'>ist</span> <span class='ocrx_word' id='word_1_112' title='bbox 835 1806 1196 1875; x_wconf 83' lang='lat' dir='ltr'>ausgelassen:</span> <span class='ocrx_word' id='word_1_113' title='bbox 1460 1847 1466 1854; x_wconf 90' lang='lat'>.</span> 
     </span>
    </p>

    <p class='ocr_par' dir='ltr' id='par_1_10' title="bbox 251 1888 1361 1953">
     <span class='ocr_line' id='line_1_15' title="bbox 251 1888 1361 1953; baseline 0.001 -13"><span class='ocrx_word' id='word_1_114' title='bbox 251 1889 303 1953; x_wconf 90' lang='lat'>4,</span> <span class='ocrx_word' id='word_1_115' title='bbox 342 1890 407 1942; x_wconf 86' lang='lat'>31</span> <span class='ocrx_word' id='word_1_116' title='bbox 450 1888 700 1943; x_wconf 90' lang='lat' dir='ltr'>Orobus</span> <span class='ocrx_word' id='word_1_117' title='bbox 739 1890 1152 1942; x_wconf 85' lang='lat' dir='ltr'>sessilifolius</span> <span class='ocrx_word' id='word_1_118' title='bbox 1191 1889 1361 1943; x_wconf 81' lang='lat' dir='ltr'>Sibth.</span> 
     </span>
    </p>

    <p class='ocr_par' dir='ltr' id='par_1_11' title="bbox 109 1974 1380 2130">
     <span class='ocr_line' id='line_1_16' title="bbox 252 1974 1380 2042; baseline -0.001 -16"><span class='ocrx_word' id='word_1_119' title='bbox 252 1974 443 2042; x_wconf 86' lang='lat' dir='ltr'>(Fraas</span> <span class='ocrx_word' id='word_1_120' title='bbox 480 1974 564 2027; x_wconf 81' lang='lat'>59.</span> <span class='ocrx_word' id='word_1_121' title='bbox 640 1975 821 2028; x_wconf 89' lang='lat' dir='ltr'>Diosc.</span> <span class='ocrx_word' id='word_1_122' title='bbox 860 1975 905 2038; x_wconf 91' lang='grc' dir='ltr'>Ι,</span> <span class='ocrx_word' id='word_1_123' title='bbox 943 1974 1064 2027; x_wconf 83' lang='lat'>551.</span> <span class='ocrx_word' id='word_1_124' title='bbox 1090 2019 1092 2021; x_wconf 66' lang='grc'><strong>,</strong></span> <span class='ocrx_word' id='word_1_125' title='bbox 1095 1975 1194 2041; x_wconf 91' lang='grc' dir='ltr'><strong>ΙΙ,</strong></span> <span class='ocrx_word' id='word_1_126' title='bbox 1233 1974 1380 2040; x_wconf 82' lang='lat'>599.)</span> 
     </span>
     <span class='ocr_line' id='line_1_17' title="bbox 109 2056 539 2130; baseline 0 -16"><span class='ocrx_word' id='word_1_127' title='bbox 109 2081 114 2085; x_wconf 94' lang='lat'>·</span> <span class='ocrx_word' id='word_1_128' title='bbox 185 2056 358 2130; x_wconf 81' lang='grc' dir='ltr'><strong>ἀστρσί</strong></span> <span class='ocrx_word' id='word_1_129' title='bbox 361 2065 539 2129; x_wconf 79' lang='grc' dir='ltr'><strong>γ.αλος</strong></span> 
     </span>
    </p>

    <p class='ocr_par' dir='ltr' id='par_1_12' title="bbox 108 2138 2150 2535">
     <span class='ocr_line' id='line_1_18' title="bbox 249 2138 2147 2214; baseline -0.001 -19"><span class='ocrx_word' id='word_1_130' title='bbox 249 2143 357 2197; x_wconf 89' lang='lat' dir='ltr'>Die</span> <span class='ocrx_word' id='word_1_131' title='bbox 381 2143 467 2196; x_wconf 91' lang='lat' dir='ltr'>bei</span> <span class='ocrx_word' id='word_1_132' title='bbox 492 2143 643 2195; x_wconf 89' lang='lat' dir='ltr'>Paul.</span> <span class='ocrx_word' id='word_1_133' title='bbox 671 2143 810 2214; x_wconf 83' lang='lat' dir='ltr'>Aeg</span> <span class='ocrx_word' id='word_1_134' title='bbox 839 2144 907 2207; x_wconf 88' lang='lat' dir='ltr'>V,</span> <span class='ocrx_word' id='word_1_135' title='bbox 948 2145 979 2194; x_wconf 79' lang='lat'><strong><em>2</em></strong></span> <span class='ocrx_word' id='word_1_136' title='bbox 1017 2144 1467 2196; x_wconf 84' lang='lat' dir='ltr'>vorkommenden</span> <span class='ocrx_word' id='word_1_137' title='bbox 1492 2142 1723 2195; x_wconf 80' lang='lat' dir='ltr'>Fcimen</span> <span class='ocrx_word' id='word_1_138' title='bbox 1763 2138 2147 2212; x_wconf 74' lang='grc' dir='ltr'>ἀστραγαλώτη</span> 
     </span>
     <span class='ocr_line' id='line_1_19' title="bbox 108 2226 2150 2300; baseline -0.001 -20"><span class='ocrx_word' id='word_1_139' title='bbox 108 2229 219 2280; x_wconf 90' lang='lat' dir='ltr'>und</span> <span class='ocrx_word' id='word_1_140' title='bbox 257 2226 657 2300; x_wconf 78' lang='grc' dir='ltr'>ἀστραγαλῶτις</span> <span class='ocrx_word' id='word_1_141' title='bbox 693 2228 905 2281; x_wconf 83' lang='lat' dir='ltr'>werden</span> <span class='ocrx_word' id='word_1_142' title='bbox 930 2247 1037 2281; x_wconf 90' lang='lat' dir='ltr'>von</span> <span class='ocrx_word' id='word_1_143' title='bbox 1063 2228 1104 2281; x_wconf 86' lang='lat' dir='ltr'><strong>J</strong></span> <span class='ocrx_word' id='word_1_144' title='bbox 1106 2247 1237 2281; x_wconf 91' lang='lat' dir='ltr'>anus</span> <span class='ocrx_word' id='word_1_145' title='bbox 1264 2227 1602 2280; x_wconf 86' lang='lat' dir='ltr'>Cornarius</span> <span class='ocrx_word' id='word_1_146' title='bbox 1589 2247 1645 2279; x_wconf 94' lang='lat' dir='ltr'>1n</span> <span class='ocrx_word' id='word_1_147' title='bbox 1683 2228 1860 2279; x_wconf 89' lang='lat' dir='ltr'>seinen</span> <span class='ocrx_word' id='word_1_148' title='bbox 1887 2245 2150 2278; x_wconf 86' lang='lat' dir='ltr'>commen-</span> 
     </span>
     <span class='ocr_line' id='line_1_20' title="bbox 108 2310 2150 2382; baseline -0.001 -17"><span class='ocrx_word' id='word_1_149' title='bbox 108 2314 276 2366; x_wconf 87' lang='lat' dir='ltr'>tariis</span> <span class='ocrx_word' id='word_1_150' title='bbox 308 2314 525 2366; x_wconf 90' lang='lat' dir='ltr'>medicis</span> <span class='ocrx_word' id='word_1_151' title='bbox 580 2315 898 2377; x_wconf 85' lang='lat' dir='ltr'>verworfen,</span> <span class='ocrx_word' id='word_1_152' title='bbox 954 2315 1108 2365; x_wconf 81' lang='lat' dir='ltr'>dafiir</span> <span class='ocrx_word' id='word_1_153' title='bbox 1165 2310 1544 2382; x_wconf 76' lang='grc' dir='ltr'>ἀστραγαλῖτις</span> <span class='ocrx_word' id='word_1_154' title='bbox 1597 2331 1928 2382; x_wconf 81' lang='lat' dir='ltr'>genommen.</span> <span class='ocrx_word' id='word_1_155' title='bbox 2001 2310 2150 2362; x_wconf 83' lang='lat' dir='ltr'>Aber</span> 
     </span>
     <span class='ocr_line' id='line_1_21' title="bbox 112 2395 2150 2468; baseline -0.003 -15"><span class='ocrx_word' id='word_1_156' title='bbox 112 2396 510 2468; x_wconf 81' lang='grc' dir='ltr'>ἀστραγαλῶτις</span> <span class='ocrx_word' id='word_1_157' title='bbox 554 2399 757 2450; x_wconf 90' lang='lat' dir='ltr'>kommt</span> <span class='ocrx_word' id='word_1_158' title='bbox 802 2399 937 2450; x_wconf 89' lang='lat' dir='ltr'>auch</span> <span class='ocrx_word' id='word_1_159' title='bbox 981 2417 1080 2450; x_wconf 87' lang='lat' dir='ltr'>vor</span> <span class='ocrx_word' id='word_1_160' title='bbox 1124 2396 1209 2450; x_wconf 88' lang='lat' dir='ltr'>bei</span> <span class='ocrx_word' id='word_1_161' title='bbox 1255 2397 1483 2449; x_wconf 90' lang='lat' dir='ltr'>Hermes</span> <span class='ocrx_word' id='word_1_162' title='bbox 1533 2397 1886 2465; x_wconf 85' lang='lat' dir='ltr'>Trismegist.,</span> <span class='ocrx_word' id='word_1_163' title='bbox 1938 2415 2019 2447; x_wconf 85' lang='lat' dir='ltr'>wo</span> <span class='ocrx_word' id='word_1_164' title='bbox 2066 2395 2150 2446; x_wconf 89' lang='lat' dir='ltr'>die</span> 
     </span>
     <span class='ocr_line' id='line_1_22' title="bbox 109 2481 1451 2535; baseline -0.002 0"><span class='ocrx_word' id='word_1_165' title='bbox 109 2482 406 2535; x_wconf 68' lang='lat' dir='ltr'>mannliche</span> <span class='ocrx_word' id='word_1_166' title='bbox 442 2481 798 2535; x_wconf 89' lang='lat' dir='ltr'>Aristolochia</span> <span class='ocrx_word' id='word_1_167' title='bbox 836 2483 1012 2534; x_wconf 90' lang='lat' dir='ltr'>diesen</span> <span class='ocrx_word' id='word_1_168' title='bbox 1049 2481 1254 2534; x_wconf 90' lang='lat' dir='ltr'>Namen</span> <span class='ocrx_word' id='word_1_169' title='bbox 1293 2482 1451 2533; x_wconf 79' lang='lat' dir='ltr'>fiihrt.</span> 
     </span>
    </p>

    <p class='ocr_par' dir='ltr' id='par_1_13' title="bbox 251 2560 1376 2634">
     <span class='ocr_line' id='line_1_23' title="bbox 251 2560 1376 2634; baseline -0.004 -15"><span class='ocrx_word' id='word_1_170' title='bbox 251 2564 393 2619; x_wconf 85' lang='lat' dir='ltr'>Seite</span> <span class='ocrx_word' id='word_1_171' title='bbox 428 2565 464 2616; x_wconf 94' lang='lat'>4</span> <span class='ocrx_word' id='word_1_172' title='bbox 499 2568 622 2618; x_wconf 84' lang='lat' dir='ltr'>fam.</span> <span class='ocrx_word' id='word_1_173' title='bbox 660 2565 710 2629; x_wconf 95' lang='lat'>4,</span> <span class='ocrx_word' id='word_1_174' title='bbox 739 2560 818 2617; x_wconf 66' lang='lat' dir='ltr'>v32</span> <span class='ocrx_word' id='word_1_175' title='bbox 855 2565 922 2617; x_wconf 87' lang='lat' dir='ltr'>ist</span> <span class='ocrx_word' id='word_1_176' title='bbox 958 2566 1376 2634; x_wconf 79' lang='lat' dir='ltr'>hinzuzuffigen:</span> 
     </span>
    </p>

    <p class='ocr_par' dir='ltr' id='par_1_14' title="bbox 250 2646 2149 2719">
     <span class='ocr_line' id='line_1_24' title="bbox 250 2646 2149 2719; baseline -0.005 -14"><span class='ocrx_word' id='word_1_177' title='bbox 250 2650 291 2705; x_wconf 82' lang='lat' dir='ltr'><strong>J</strong></span> <span class='ocrx_word' id='word_1_178' title='bbox 294 2670 423 2703; x_wconf 89' lang='lat' dir='ltr'>anus</span> <span class='ocrx_word' id='word_1_179' title='bbox 457 2649 675 2702; x_wconf 86' lang='lat' dir='ltr'>Cornar.</span> <span class='ocrx_word' id='word_1_180' title='bbox 717 2651 784 2702; x_wconf 88' lang='lat' dir='ltr'>ad</span> <span class='ocrx_word' id='word_1_181' title='bbox 817 2649 969 2701; x_wconf 89' lang='lat' dir='ltr'>Paul.</span> <span class='ocrx_word' id='word_1_182' title='bbox 999 2648 1138 2719; x_wconf 83' lang='lat' dir='ltr'>Aeg.</span> <span class='ocrx_word' id='word_1_183' title='bbox 1174 2649 1218 2712; x_wconf 93' lang='lat' dir='ltr'>I,</span> <span class='ocrx_word' id='word_1_184' title='bbox 1260 2667 1372 2718; x_wconf 92' lang='lat' dir='ltr'>cap.</span> <span class='ocrx_word' id='word_1_185' title='bbox 1400 2646 1692 2698; x_wconf 90' lang='lat' dir='ltr'>LXXIX:</span> <span class='ocrx_word' id='word_1_186' title='bbox 1732 2646 1982 2698; x_wconf 87' lang='lat' dir='ltr'>differunt</span> <span class='ocrx_word' id='word_1_187' title='bbox 2019 2646 2149 2716; x_wconf 87' lang='lat' dir='ltr'>pha-</span> 
     </span>
    </p>
   </div>
   <div class='ocr_carea' id='block_1_5' title="bbox 110 2727 2148 2805">
    <p class='ocr_par' dir='ltr' id='par_1_15' title="bbox 110 2727 2148 2805">
     <span class='ocr_line' id='line_1_25' title="bbox 110 2727 2148 2805; baseline -0.004 -17"><span class='ocrx_word' id='word_1_188' title='bbox 110 2735 203 2788; x_wconf 85' lang='lat' dir='ltr'>seli</span> <span class='ocrx_word' id='word_1_189' title='bbox 241 2755 271 2787; x_wconf 92' lang='lat' dir='ltr'>a</span> <span class='ocrx_word' id='word_1_190' title='bbox 307 2735 571 2805; x_wconf 88' lang='lat' dir='ltr'>phasiolis.</span> <span class='ocrx_word' id='word_1_191' title='bbox 629 2734 701 2786; x_wconf 78' lang='lat' dir='ltr'>Et</span> <span class='ocrx_word' id='word_1_192' title='bbox 738 2733 1011 2804; x_wconf 87' lang='lat' dir='ltr'>phaselum</span> <span class='ocrx_word' id='word_1_193' title='bbox 1039 2733 1257 2801; x_wconf 90' lang='lat' dir='ltr'>quidem</span> <span class='ocrx_word' id='word_1_194' title='bbox 1292 2732 1438 2784; x_wconf 90' lang='lat' dir='ltr'>idem.</span> <span class='ocrx_word' id='word_1_195' title='bbox 1473 2749 1580 2784; x_wconf 88' lang='lat' dir='ltr'>esse</span> <span class='ocrx_word' id='word_1_196' title='bbox 1620 2730 1764 2798; x_wconf 89' lang='lat' dir='ltr'>quod</span> <span class='ocrx_word' id='word_1_197' title='bbox 1801 2727 2029 2800; x_wconf 54' lang='grc' dir='ltr'>λοίῇυρον</span> <span class='ocrx_word' id='word_1_198' title='bbox 2069 2730 2148 2796; x_wconf 91' lang='lat' dir='ltr'>(id</span> 
     </span>
    </p>
   </div>
   <div class='ocr_carea' id='block_1_6' title="bbox 111 2814 2251 2887">
    <p class='ocr_par' dir='ltr' id='par_1_16' title="bbox 111 2814 2251 2887">
     <span class='ocr_line' id='line_1_26' title="bbox 111 2814 2251 2887; baseline -0.006 -12"><span class='ocrx_word' id='word_1_199' title='bbox 111 2829 189 2875; x_wconf 88' lang='lat' dir='ltr'>est</span> <span class='ocrx_word' id='word_1_200' title='bbox 212 2819 492 2887; x_wconf 79' lang='lat' dir='ltr'>cicercula)</span> <span class='ocrx_word' id='word_1_201' title='bbox 531 2819 764 2872; x_wconf 85' lang='lat' dir='ltr'>Galenus</span> <span class='ocrx_word' id='word_1_202' title='bbox 802 2820 1060 2887; x_wconf 85' lang='lat' dir='ltr'>quosdam</span> <span class='ocrx_word' id='word_1_203' title='bbox 1102 2836 1330 2870; x_wconf 85' lang='lat' dir='ltr'>asserere</span> <span class='ocrx_word' id='word_1_204' title='bbox 1368 2816 1510 2868; x_wconf 87' lang='lat' dir='ltr'>dicit.</span> <span class='ocrx_word' id='word_1_205' title='bbox 1568 2814 1646 2867; x_wconf 88' lang='lat' dir='ltr'>At</span> <span class='ocrx_word' id='word_1_206' title='bbox 1684 2815 1931 2884; x_wconf 84' lang='grc' dir='ltr'>φασίολον</span> <span class='ocrx_word' id='word_1_207' title='bbox 1969 2814 2150 2866; x_wconf 87' lang='lat' dir='ltr'>vocari</span> <span class='ocrx_word' id='word_1_208' title='bbox 2249 2843 2251 2845; x_wconf 95' lang='lat'>-</span> 
     </span>
    </p>
   </div>
   <div class='ocr_carea' id='block_1_7' title="bbox 109 2897 2149 3221">
    <p class='ocr_par' dir='ltr' id='par_1_17' title="bbox 109 2897 2149 3221">
     <span class='ocr_line' id='line_1_27' title="bbox 112 2897 2148 2975; baseline -0.006 -16"><span class='ocrx_word' id='word_1_209' title='bbox 112 2906 267 2959; x_wconf 85' lang='lat' dir='ltr'>etiam</span> <span class='ocrx_word' id='word_1_210' title='bbox 306 2901 514 2975; x_wconf 82' lang='grc' dir='ltr'>δολοχόν</span> <span class='ocrx_word' id='word_1_211' title='bbox 555 2897 604 2956; x_wconf 75' lang='lat' dir='ltr'>et</span> <span class='ocrx_word' id='word_1_212' title='bbox 640 2902 790 2971; x_wconf 71' lang='grc' dir='ltr'>λάβον</span> <span class='ocrx_word' id='word_1_213' title='bbox 830 2904 910 2972; x_wconf 90' lang='lat' dir='ltr'>(id</span> <span class='ocrx_word' id='word_1_214' title='bbox 936 2911 1012 2956; x_wconf 86' lang='lat' dir='ltr'>est</span> <span class='ocrx_word' id='word_1_215' title='bbox 1037 2901 1305 2971; x_wconf 86' lang='lat' dir='ltr'>siliquam)</span> <span class='ocrx_word' id='word_1_216' title='bbox 1345 2902 1486 2954; x_wconf 89' lang='lat' dir='ltr'>idem</span> <span class='ocrx_word' id='word_1_217' title='bbox 1522 2899 1612 2951; x_wconf 87' lang='lat' dir='ltr'>lib.</span> <span class='ocrx_word' id='word_1_218' title='bbox 1638 2900 1666 2951; x_wconf 95' lang='lat' dir='ltr'>I</span> <span class='ocrx_word' id='word_1_219' title='bbox 1704 2900 1769 2951; x_wconf 93' lang='lat' dir='ltr'>de</span> <span class='ocrx_word' id='word_1_220' title='bbox 1798 2900 1935 2950; x_wconf 86' lang='lat' dir='ltr'>alim.</span> <span class='ocrx_word' id='word_1_221' title='bbox 1975 2897 2148 2965; x_wconf 70' lang='lat' dir='ltr'>(nam-</span> 
     </span>
     <span class='ocr_line' id='line_1_28' title="bbox 109 2983 2149 3060; baseline -0.004 -18"><span class='ocrx_word' id='word_1_222' title='bbox 109 2990 214 3042; x_wconf 83' lang='lat' dir='ltr'>lich</span> <span class='ocrx_word' id='word_1_223' title='bbox 241 2990 310 3060; x_wconf 77' lang='lat' dir='ltr'>p.</span> <span class='ocrx_word' id='word_1_224' title='bbox 349 2988 478 3056; x_wconf 82' lang='lat'>545)</span> <span class='ocrx_word' id='word_1_225' title='bbox 523 2997 754 3041; x_wconf 86' lang='lat' dir='ltr'>testatur.</span> <span class='ocrx_word' id='word_1_226' title='bbox 829 2987 1048 3042; x_wconf 87' lang='lat' dir='ltr'>Ochron</span> <span class='ocrx_word' id='word_1_227' title='bbox 1092 3007 1217 3040; x_wconf 89' lang='lat' dir='ltr'>vero</span> <span class='ocrx_word' id='word_1_228' title='bbox 1265 2983 1501 3039; x_wconf 85' lang='lat' dir='ltr'>erviliam</span> <span class='ocrx_word' id='word_1_229' title='bbox 1546 2984 1754 3037; x_wconf 86' lang='lat' dir='ltr'>Latinis</span> <span class='ocrx_word' id='word_1_230' title='bbox 1799 2985 1991 3035; x_wconf 88' lang='lat' dir='ltr'>dictam</span> <span class='ocrx_word' id='word_1_231' title='bbox 2038 3000 2149 3034; x_wconf 86' lang='lat' dir='ltr'>esse</span> 
     </span>
     <span class='ocr_line' id='line_1_29' title="bbox 111 3067 2149 3143; baseline -0.005 -17"><span class='ocrx_word' id='word_1_232' title='bbox 111 3074 276 3127; x_wconf 88' lang='lat' dir='ltr'>doctis</span> <span class='ocrx_word' id='word_1_233' title='bbox 323 3072 640 3142; x_wconf 89' lang='lat' dir='ltr'>quibusdam</span> <span class='ocrx_word' id='word_1_234' title='bbox 677 3074 863 3143; x_wconf 89' lang='lat' dir='ltr'>placet.</span> <span class='ocrx_word' id='word_1_235' title='bbox 937 3072 1105 3125; x_wconf 89' lang='lat' dir='ltr'>Nobis</span> <span class='ocrx_word' id='word_1_236' title='bbox 1148 3072 1357 3124; x_wconf 87' lang='lat' dir='ltr'>interim</span> <span class='ocrx_word' id='word_1_237' title='bbox 1401 3090 1463 3123; x_wconf 89' lang='lat' dir='ltr'>ea</span> <span class='ocrx_word' id='word_1_238' title='bbox 1507 3088 1641 3138; x_wconf 92' lang='lat' dir='ltr'>quae</span> <span class='ocrx_word' id='word_1_239' title='bbox 1688 3070 1753 3120; x_wconf 92' lang='lat' dir='ltr'>de</span> <span class='ocrx_word' id='word_1_240' title='bbox 1788 3068 1867 3119; x_wconf 88' lang='lat' dir='ltr'>his</span> <span class='ocrx_word' id='word_1_241' title='bbox 1906 3067 2149 3120; x_wconf 90' lang='lat' dir='ltr'>authores</span> 
     </span>
     <span class='ocr_line' id='line_1_30' title="bbox 109 3151 2148 3221; baseline -0.005 -10"><span class='ocrx_word' id='word_1_242' title='bbox 109 3159 324 3211; x_wconf 83' lang='lat' dir='ltr'>tradunt</span> <span class='ocrx_word' id='word_1_243' title='bbox 358 3158 484 3210; x_wconf 89' lang='lat' dir='ltr'>boni</span> <span class='ocrx_word' id='word_1_244' title='bbox 522 3158 840 3210; x_wconf 92' lang='lat' dir='ltr'>consulenda</span> <span class='ocrx_word' id='word_1_245' title='bbox 876 3166 1022 3220; x_wconf 88' lang='lat' dir='ltr'>sunt,</span> <span class='ocrx_word' id='word_1_246' title='bbox 1061 3158 1227 3209; x_wconf 91' lang='lat' dir='ltr'>donec</span> <span class='ocrx_word' id='word_1_247' title='bbox 1265 3157 1331 3207; x_wconf 90' lang='lat' dir='ltr'>ad</span> <span class='ocrx_word' id='word_1_248' title='bbox 1370 3155 1643 3208; x_wconf 88' lang='lat' dir='ltr'>certiorem</span> <span class='ocrx_word' id='word_1_249' title='bbox 1679 3172 1855 3204; x_wconf 90' lang='lat' dir='ltr'>rerum</span> <span class='ocrx_word' id='word_1_250' title='bbox 1893 3151 2148 3221; x_wconf 85' lang='lat' dir='ltr'>cognitio-</span> 
     </span>
    </p>
   </div>
   <div class='ocr_carea' id='block_1_8' title="bbox 110 3235 2150 3312">
    <p class='ocr_par' dir='ltr' id='par_1_18' title="bbox 110 3235 2150 3312">
     <span class='ocr_line' id='line_1_31' title="bbox 110 3235 2150 3312; baseline -0.005 -16"><span class='ocrx_word' id='word_1_251' title='bbox 110 3261 231 3296; x_wconf 86' lang='lat' dir='ltr'>nem</span> <span class='ocrx_word' id='word_1_252' title='bbox 278 3242 662 3312; x_wconf 86' lang='lat' dir='ltr'>perveniamus.</span> <span class='ocrx_word' id='word_1_253' title='bbox 735 3241 982 3294; x_wconf 90' lang='lat' dir='ltr'>Meminit</span> <span class='ocrx_word' id='word_1_254' title='bbox 1027 3241 1182 3294; x_wconf 89' lang='lat' dir='ltr'>etiam</span> <span class='ocrx_word' id='word_1_255' title='bbox 1228 3239 1585 3310; x_wconf 87' lang='lat' dir='ltr'>Hippocrates</span> <span class='ocrx_word' id='word_1_256' title='bbox 1627 3236 1718 3289; x_wconf 92' lang='lat' dir='ltr'>lib.</span> <span class='ocrx_word' id='word_1_257' title='bbox 1766 3236 1824 3288; x_wconf 88' lang='grc' dir='ltr'>Π</span> <span class='ocrx_word' id='word_1_258' title='bbox 1870 3237 1935 3288; x_wconf 88' lang='lat' dir='ltr'>de</span> <span class='ocrx_word' id='word_1_259' title='bbox 1979 3235 2150 3286; x_wconf 85' lang='lat' dir='ltr'>diaeta</span> 
     </span>
    </p>
   </div>
   <div class='ocr_carea' id='block_1_9' title="bbox 112 3320 1866 3443">
    <p class='ocr_par' dir='ltr' id='par_1_19' title="bbox 112 3320 1866 3443">
     <span class='ocr_line' id='line_1_32' title="bbox 112 3320 1866 3443; baseline -0.005 -64"><span class='ocrx_word' id='word_1_260' title='bbox 112 3325 364 3393; x_wconf 68' lang='lat' dir='ltr'>(namlich</span> <span class='ocrx_word' id='word_1_261' title='bbox 401 3347 453 3396; x_wconf 92' lang='lat' dir='ltr'>p.</span> <span class='ocrx_word' id='word_1_262' title='bbox 491 3325 621 3393; x_wconf 90' lang='lat'>477)</span> <span class='ocrx_word' id='word_1_263' title='bbox 660 3334 710 3378; x_wconf 91' lang='lat' dir='ltr'>et</span> <span class='ocrx_word' id='word_1_264' title='bbox 747 3320 1142 3395; x_wconf 86' lang='lat' dir='ltr'>Theophrastus</span> <span class='ocrx_word' id='word_1_265' title='bbox 1178 3324 1233 3376; x_wconf 90' lang='lat' dir='ltr'>in</span> <span class='ocrx_word' id='word_1_266' title='bbox 1270 3323 1412 3377; x_wconf 93' lang='lat' dir='ltr'>VIII</span> <span class='ocrx_word' id='word_1_267' title='bbox 1449 3323 1514 3374; x_wconf 92' lang='lat' dir='ltr'>de</span> <span class='ocrx_word' id='word_1_268' title='bbox 1551 3321 1668 3373; x_wconf 86' lang='lat' dir='ltr'>hist.</span> <span class='ocrx_word' id='word_1_269' title='bbox 1707 3320 1866 3443; x_wconf 40' lang='lat' dir='ltr'>plabnt.</span> 
     </span>
    </p>
   </div>
  </div>
 </body>
</html>
