2398 3632
1015 215 1018 219 ·
1089 185 1188 237 133

262 341 403 395 Seite
438 340 507 394 58
545 340 685 393 Zeile
721 339 757 390 4
794 360 843 391 v.
883 358 935 390 u.
973 339 1101 406 fiige
1137 338 1320 389 hinzu:

262 423 672 478 Marrubium
710 423 1014 475 creticum
1051 422 1118 472 L.

198 506 476 580 φαράσιον,
555 504 791 577 σάρομα,
868 504 1091 576 κάνδηλι
1129 504 1350 573 (hodie).

266 591 411 645 Seite
448 590 517 644 64
553 591 693 642 Zeile
730 591 763 642 3
802 610 852 641 v.
891 610 942 641 11.
982 590 1109 659 fiige
1146 589 1330 640 hinzu:
1379 587 1587 656 στίραξ,
1642 583 1963 655 στουροίκιον.

269 675 410 729 Seite
448 676 515 726 72
560 675 700 727 Zeile
739 675 770 726 8
816 694 866 724 v.
906 693 958 724 11.
1005 674 1132 742 fiige
1175 673 1362 723 hinzu:
1436 671 1503 722 In
1546 670 1702 722 Alex.
1742 668 2175 738 Aphrodisiensis

128 758 297 831 probl.
345 780 396 830 p.
435 760 468 812 3
522 760 613 810 lin.
655 760 686 810 2
733 778 784 810 11.
829 760 902 827 fg.
954 776 1059 809 von
1104 756 1311 809 Usener
1359 755 1550 825 Progr.
1601 755 1781 807 Berlin
1825 752 2176 806 Joachimsth.

135 843 331 915 Gymn.
383 842 519 896 1859
567 843 781 895 werden
824 836 1078 911 folgende
1114 835 1287 893 Arten
1344 859 1449 892 von
1496 836 1740 907 ἀῴίνῖῑιον
1786 836 1980 905 (codex
2027 834 2177 888 Oxo-

135 929 329 982 niensis
367 927 470 980 233
518 928 609 978 hat
647 923 892 996 ἀψίῖῖιον)
932 925 1191 979 erwahnt:
1240 923 1298 977 τὸ
1339 919 1619 987 Ποντικόν,
1667 918 1727 975 τὸ
1766 918 2066 988 Αἰγύπτιον,
2115 916 2175 972 τὸ

137 1013 194 1067 δὲ
231 1009 439 1067 πάντων
480 1008 688 1081 ἄριστον
727 1009 788 1063 τὸ
827 1006 1132 1081 νησιωτικὸν
1172 1007 1265 1062 καὶ
1298 1009 1399 1061 τῶν
1427 1007 1877 1076 παραῖῑαλατῦίων
1928 1002 2051 1073 ὀρῶν
2091 1002 2184 1056 καὶ

138 1094 337 1159 τόπων,
386 1094 479 1151 καὶ
516 1093 576 1148 τὸ
611 1091 910 1165 Ὑμήττιον.

277 1180 663 1250 Theophylacti
707 1177 1024 1246 Simocattae
1071 1176 1288 1244 Quaest.
1336 1177 1488 1246 phys,
1543 1184 1592 1227 et
1642 1174 1790 1243 epist.
1848 1173 1927 1224 ed.
1981 1171 2036 1223 J.
2084 1170 2174 1222 Fr.

133 1265 461 1318 Boissonade
485 1262 607 1315 Par.
638 1261 775 1315 1835
812 1283 863 1332 p.
893 1263 959 1314 26
998 1262 1109 1313 1111(1
1146 1262 1200 1312 in
1234 1261 1336 1312 den
1372 1268 1524 1311 notae
1562 1260 1618 1309 in
1643 1258 1932 1327 Dialogum
1968 1276 2019 1325 p.
2048 1255 2174 1306 213:

139 1348 621 1419 „quemadmodum
657 1346 940 1399 Ponticum
975 1347 1079 1398 mel
1118 1365 1356 1397 amarum
1395 1353 1494 1407 est,
1535 1342 1780 1395 absinthii
1820 1359 1998 1402 causa,
2039 1339 2181 1407 quod

130 1435 193 1486 ‘in
218 1433 391 1487 Ponto
430 1430 672 1485 crebrum
712 1440 801 1484 est.
861 1429 1021 1497 Quod
1060 1431 1124 1482 de
1151 1428 1320 1483 Sardo
1359 1429 1498 1480 idem
1525 1428 1681 1479 tradit
1705 1426 1943 1478 Isidorus
1979 1423 2067 1475 lib.
2098 1422 2180 1487 20,

141 1536 255 1590 cap.
304 1518 395 1569 11:
453 1515 681 1570 Sardum
736 1535 974 1568 amarum
1028 1523 1104 1567 est
1148 1513 1395 1566 absinthii
1445 1531 1624 1575 causa,
1679 1511 1828 1579 cujus
1875 1508 2026 1578 copia
2072 1508 2183 1576 ejus

137 1603 368 1681 1'egionis
424 1620 549 1671 apes
608 1601 928 1652 nutriuntur.
936 1602 962 1626 44
1037 1598 1441 1651 Kimedoucius,
1515 1595 1740 1647 Nota-nte
1794 1593 2066 1646 Bernardo
2122 1592 2188 1642 ad

138 1678 314 1740 Nonn.
354 1695 388 1739 t.
427 1686 471 1750 Ι,
510 1706 562 1756 p.
591 1686 709 1749 230,
750 1684 1115 1754 Theophrasto
1156 1682 1463 1735 contradicit
1498 1679 1807 1732 Lactantius
1834 1676 1988 1730 Statii
2025 1677 2184 1728 inter-

141 1791 280 1843 pres,
319 1771 412 1840 qui
448 1779 632 1841 poetae
669 1768 897 1833 verbiS,
900 1769 1104 1834 ,olentis
1144 1775 1316 1819 arator
1348 1765 1642 1835 Hymetti&
1682 1763 1782 1814 Th.
1813 1763 1897 1825 12,
1936 1762 2055 1823 622,
2096 1760 2188 1810 ad-

142 1856 375 1926 scripsit:
418 1855 700 1920 „creatoris
737 1854 903 1906 mellis
941 1853 1073 1905 bene
1112 1852 1313 1904 olentis‘
1316 1853 1347 1902 4.
1406 1848 1512 1903 Sed
1550 1850 1668 1919 plus
1704 1846 1956 1899 intellexit
1993 1845 2189 1914 glossa-

144 1950 226 1994 tor
263 1960 423 2010 quam
461 1941 596 1992 dixit
633 1938 854 2002 Statius,
903 1939 995 2006 qui
1033 1945 1264 1989 montem
1301 1934 1518 1987 fioribus
1557 1931 1814 1986 olentibus
1861 1940 1909 1983 et
1953 1931 2192 2000 fragran-

143 2026 285 2078 tibus
321 2025 586 2078 halantem
622 2023 918 2094 significare
956 2022 1081 2074 satis
1119 2019 1319 2073 habuit.

294 2192 502 2244 Plinius
539 2191 710 2255 XXI,
752 2191 792 2256 ξ.
836 2190 934 2242 171
975 2198 1093 2259 sagt
1129 2188 1259 2242 iiber
1295 2187 1558 2256 Lychnis:
1596 2185 1824 2238 radicem
1865 2185 1975 2252 ejus
2013 2180 2199 2233 Asiani

151 2277 347 2330 boliten
393 2276 472 2345 (d.
520 2276 740 2339 voliten,
789 2275 859 2328 V.
904 2274 1117 2338 boliter,
1162 2272 1254 2341 R.)
1302 2280 1507 2324 vocant.
1590 2271 1678 2321 Da
1720 2270 1805 2321 ich
1851 2262 1935 2319 die
1978 2265 2197 2316 Plantae

154 2361 421 2429 cellulares
461 2361 517 2412 in
555 2361 750 2412 diesem
788 2359 973 2411 Buche
1010 2359 1155 2410 nicht
1191 2355 1604 2424 berucksichtigt
1641 2352 1799 2416 habe,
1847 2371 1946 2403 nur
1969 2351 2069 2401 'die
2106 2347 2198 2400 be-

152 2436 443 2498 treffenden
467 2444 674 2496 Namen
711 2444 784 2494 im
817 2443 988 2494 Index
1028 2443 1288 2504 anfiihrte,
1326 2440 1433 2492 will
1471 2440 1556 2491 ich
1593 2439 1706 2490 hier
1741 2457 1804 2487 zu
1832 2435 1968 2486 Plin.
1997 2431 2196 2494 XXII,

153 2530 195 2596 ξ.
235 2530 303 2582 92
342 2529 472 2581 uber
507 2527 711 2581 boletus
751 2528 865 2580 eine
903 2526 1064 2580 Stelle
1112 2545 1205 2578 aus
1244 2525 1284 2578 J
1287 2543 1417 2576 anus
1457 2522 1742 2575 Cornarius
1789 2519 2068 2580 anffihren,
2115 2516 2198 2567 die

156 2615 241 2678 die
277 2632 383 2666 von
419 2611 573 2682 Sillig
609 2610 916 2682 gegebenen
954 2612 1214 2662 Lesarten
1260 2604 1712 2681 vervollst'andigfi‘.
1787 2604 1826 2656 J
1830 2622 1959 2654 ‘mus
1998 2600 2199 2653 Corna-

155 2699 267 2750 rius
299 2697 698 2750 Dolabellarum
736 2697 791 2747 in
825 2695 1054 2747 Paulum
1081 2693 1417 2763 Aeginetam,
1454 2689 1544 2742 lib.
1584 2690 1662 2740 I
1649 2709 1702 2740 111
1731 2686 2021 2740 LXXVII
2058 2691 2198 2754 sagt:

158 2782 331 2835 Boleti
369 2800 502 2850 quos
542 2785 745 2848 βολῖται
784 2779 976 2833 Graeci
1014 2786 1221 2841 vocant,
1263 2795 1454 2829 nomen
1490 2774 1743 2826 Latinum
1783 2772 1924 2841 apud
1961 2788 2054 2821 nos
2092 2786 2200 2820 ser-

158 2875 301 2930 vant,
342 2873 668 2918 contractum
692 2873 883 2927 tamen,
923 2873 973 2916 et
1012 2882 1076 2915 ex
1069 2860 1375 2949 trisyllabo
1404 2860 1516 2912 fere
1541 2855 1959 2933 monosyllabum
1987 2854 2199 2905 factum.

158 2949 297 3002 boltz
336 2950 475 3002 enim
507 2958 602 3001 aut
638 2949 808 3001 boltze
846 2931 1188 3018 appellantur.
1263 2945 1349 2996 De
1386 2943 1466 2995 his
1504 2941 1709 2993 Plinius
1749 2941 1841 3002 ait,
1881 2939 1943 2989 in
1980 2935 2200 3006 opimis

68 3089 73 3095 ,
164 3034 419 3103 quidem
465 3042 556 3086 est
600 3034 663 3085 in
708 3032 912 3085 cibus:
959 3032 1032 3083 ita
1077 3030 1217 3083 enim
1260 3028 1366 3097 legi
1414 3025 1568 3082 debet
1614 3044 1678 3076 ex
1721 3025 1824 3076 fide
1861 3019 2204 3089 manuscripti
2265 3041 2270 3045 ·

164 3118 502 3172 vetustissimi
539 3110 682 3188 apud
714 3137 799 3170 me
825 3117 1043 3169 codicis:
1085 3123 1133 3167 et
1167 3133 1287 3176 non,
1327 3110 1577 3181 Optimus
1604 3109 1817 3176 quidem
1856 3114 1932 3158 est
1968 3105 2011 3156 is
2038 3103 2201 3163 cibus.

167 3201 457 3269 Quomodo¹
489 3203 628 3255 enim
661 3202 927 3272 optimum·
945 3199 1122 3252 cibum
1148 3198 1358 3259 diceret,
1401 3195 1549 3262 cujus
1577 3193 1872 3254 discrimen,
1912 3188 2204 3259 periculum

170 3305 230 3339 ac
267 3305 528 3341 venenum
565 3287 676 3357 ipse
713 3284 1001 3356 subjungit.
1658 3278 1662 3282 ’
2127 3279 2132 3284 ’

1019 3425 1357 3433 .-------
