2398 3632
1160 177 1229 229 34

809 370 930 424 123.
978 371 1350 438 Myristiceae
1389 377 1452 428 R.
1492 377 1583 428 Br.

316 502 361 552 1.
400 500 746 569 Myristica
785 502 1105 554 moschata
1141 502 1208 554 L.

315 599 505 668 (Fraas
545 598 662 652 135.
720 600 961 652 Ruellius
999 621 1051 670 p.
1094 601 1195 653 137
1231 603 1305 672 fg.
1368 581 1559 671 Meyer
1595 602 1698 654 111.
1738 602 1859 654 363.
1921 601 2057 655 Volz
2094 601 2222 668 Be}-

171 689 319 754 tr'age
355 704 450 736 zur
490 683 860 756 Culturgesch.
902 686 1019 738 303.
1060 686 1126 738 de
1165 681 1420 741 Candolle
1459 685 1656 756 Geogr.
1695 686 1801 738 bot.
1841 678 1961 738 858.
2018 686 2221 739 Bosen-
2252 734 2257 737 .

170 770 279 822 thal
316 767 543 840 Synops.
584 769 704 822 586.

242 851 505 918 κουσποά,
600 851 898 919 κουσπουά,
988 851 1170 924 κάρκα
1229 853 1537 925 nuptm-mot,
1637 853 1834 925 κάρυον
1894 853 2219 925 μυριστικόν,

171 936 366 1009 κάρυον
407 935 768 1008 ἀρωματικόν,
823 937 1229 1009 μοσχοκοίριδον,
1290 937 1711 1010 μοσχοκοίρυὸον,
1764 938 2220 1009 μουσκοκοίρυδον,

178 1022 537 1094 μυσκοίρυὸον,
631 1021 752 1087 νοὺς
793 1021 1098 1095 μυριτζικά,
1191 1021 1352 1095 νούκη
1395 1022 1664 1095 μοσχάτα,
1747 1021 1919 1088 νούτζι
1959 1021 2227 1095 μοσχάτε,

170 1105 358 1178 κάρος,
411 1111 647 1180 νοκερία,
703 1110 947 1173 nucaria,
1005 1106 1203 1180 νάνὲῑη,
1264 1107 1537 1179 καμάγζε,
1595 1106 2221 1180 τζοὶους,,τζεουζπούμ,

171 1191 291 1257 νοὺς
329 1190 526 1256 mmet,
603 1195 723 1257 νοῦς
763 1195 988 1262 βομικᾶ,
1064 1191 1394 1265 καστηκὸλα.
1441 1240 1450 1248 .

313 1279 401 1331 Da
443 1279 576 1331 viele
612 1276 731 1332 ‘von
775 1280 956 1332 diesen
1003 1279 1257 1332 W'ortern
1300 1278 1385 1332 bei
1431 1279 1648 1333 Simeon
1685 1279 1813 1333 Seth
1862 1282 2222 1344 vorkommen,

172 1365 348 1417 werde
392 1364 478 1416 ich
526 1364 611 1416 bei
650 1365 819 1417 seiner
858 1364 1212 1436 Herausgabe
1257 1366 1332 1417 sie
1378 1365 1476 1417 alle
1520 1365 1844 1417 ausfiihrlich
1882 1365 2226 1435 besprechen.

286 1449 480 1524 =Ihnen
505 1451 631 1518 fuge
665 1450 750 1501 ich
786 1449 1105 1502 einstweilen
1129 1449 1266 1522 npch
1291 1440 1451 1501 hinnu
1476 1447 1785 1519 νοίσκαφτὸν
1828 1450 2026 1514 (Diosc.
2053 1449 2097 1514 Ι,
2137 1450 2225 1502 37.
2298 1451 2306 1457 ”

167 1534 242 1598 ΙΙ,
286 1534 383 1586 361
423 1530 790 1604 νάσκαφῖῑον).
848 1535 1046 1587 Davon
1081 1535 1244 1587 heisst
1282 1553 1335 1587 es
1362 1534 1446 1587 bei
1471 1535 1712 1588 Ruellius
1737 1535 1780 1599 Ι,
1820 1536 1904 1586 41.
1944 1554 2066 1606 pag.
2100 1535 2223 1587 153:

169 1619 593 1690 Nascaphthum,
651 1620 795 1687 quod
852 1628 902 1672 et
960 1618 1024 1671 ab
1083 1620 1630 1690 aliis'narcaphthum
1678 1629 1920 1684 vocatur,
1977 1620 2102 1672 olim
2158 1639 2224 1673 ex

170 1705 325 1756 India
352 1704 746 1775 deportabatur,
788 1706 1103 1758 corticosum
1129 1714 1332 1769 natura,
1373 1714 1423 1758 et
1448 1706 1811 1776 putaminibus
1836 1706 2040 1758 arboris
2065 1707 2224 1758 mori:

170 1790 600 1860 praetermissum
639 1811 668 1842 a
694 1790 871 1842 Plinio
910 1799 968 1842 ut
1008 1790 1232 1842 arbitror
1260 1791 1513 1855 consulto,
1555 1792 1679 1859 quia
1715 1792 1916 1844 incerta
1942 1799 2077 1844 esset
2115 1791 2227 1860 ejus

168 1875 345 1939 facies,
384 1884 442 1927 ut
481 1875 704 1928 aliorum
743 1895 956 1944 quoque
995 1876 1243 1946 plurium,
1286 1895 1422 1944 quae
1459 1885 1637 1928 nostro
1676 1875 1791 1928 orbi
1826 1885 2030 1941 tantum
2055 1876 2227 1928 nomi-

170 1959 326 2012 nibus
374 1961 583 2032 cognita
621 1969 757 2013 sunt.
832 1960 1033 2012 Paulus
1078 1960 1346 2031 lacaphthi
1392 1962 1630 2013 meminit
1675 1962 1809 2013 inter
1857 1981 1940 2025 ea,
1989 1980 2126 2029 quae
2170 1961 2226 2012 in

169 2063 364 2115 magno
404 2046 580 2115 cyphi,
622 2048 765 2115 quod
805 2047 1179 2115 cognominant
1215 2046 1476 2099 heliacum
1515 2047 1849 2115 adjiciuntur,
1890 2055 1940 2098 et
1979 2047 2227 2099 corticem

172 2131 354 2201 piceae
399 2131 482 2183 vel
528 2132 740 2184 alterius
787 2130 988 2184 arboris
1039 2132 1316 2184 existimat.
1403 2151 1502 2202 ego
1547 2132 1887 2202 lacaphthum
1930 2132 2071 2184 idem
2116 2150 2228 2184 esse

175 2235 296 2267 cum
334 2217 658 2286 nascaphtho
695 2235 829 2269 reor.

313 2300 726 2371 Anguillara,
777 2300 1028 2371 Semplici
1067 2320 1188 2371 pag.
1229 2301 1296 2352 39
1337 2308 1480 2370 sagt:
1529 2299 1659 2353 che'l
1695 2300 2038 2371 Narcaphtho
2077 2301 2154 2353 sia
2191 2300 2229 2352 il

177 2385 438 2455 Tigname
474 2405 580 2438 non
618 2405 779 2456 nego,
827 2406 892 2439 ne
930 2406 1084 2439 meno
1124 2387 1359 2439 affermo.
1424 2406 1453 2438 e
1491 2387 1571 2438 cio
1611 2388 1834 2438 auuiene
1874 2386 1959 2438 dal
1996 2405 2102 2438 non
2140 2404 2229 2438 co-

173 2489 390 2523 noscere
443 2471 495 2522 la
550 2490 730 2523 scorza
787 2469 904 2523 dell'
948 2470 1150 2524 Albero
1209 2471 1293 2522 del
1348 2470 1637 2524 Sicomoro.
1714 2472 1812 2523 Bei
1869 2470 2106 2524 Jacobus
2162 2472 2228 2524 de

172 2555 410 2608 Vitriaco
449 2556 545 2608 soll
572 2556 743 2608 Macis
781 2575 887 2608 von
919 2555 1047 2607 Nux
1073 2557 1344 2608 moschata
1368 2557 1727 2624 herkommen,
1768 2557 1877 2607 und
1904 2556 1978 2608 sie
2003 2556 2078 2608 sei
2114 2556 2230 2609 eine

174 2640 412 2692 indische
437 2640 667 2694 Pflanze.
726 2640 904 2695 Schon
930 2641 1052 2694 Aet.
1082 2643 1202 2705 736,
1243 2640 1310 2694 G.
1352 2650 1492 2711 sagt:
1533 2642 1689 2693 India
1726 2661 1901 2694 macer
1929 2640 2228 2710 (corticem)

176 2724 349 2779 habet.
424 2726 635 2778 Henrik
674 2726 1043 2797 Harpestreng
1080 2729 1241 2780 kennt
1279 2727 1354 2779 sie
1393 2727 1528 2779 auch
1568 2727 1664 2794 (im
1707 2727 1752 2777 l.
1792 2726 1989 2794 Buch.)

823 2907 946 2960 125.
994 2907 1389 2961 Berberideae
1429 2910 1584 2963 Vent.

321 3053 366 3103 1.
408 3051 717 3106 Berberis
756 3053 1046 3122 vulgaris
1083 3053 1149 3104 L.

322 3151 511 3218 (Fraas
554 3152 669 3204 130.
734 3153 914 3204 Diosc.
953 3153 1028 3216 ΙΙ,
1070 3152 1188 3203 398.
1254 3150 1545 3203 Heldreich
1583 3151 1651 3204 65
1688 3151 1850 3203 Anm.
1896 3151 2234 3221 .Anguillara

181 3235 265 3287 57.
305 3235 388 3288 58.
464 3236 632 3289 Nicol.
675 3237 995 3290 Damasceni
1035 3238 1114 3289 ed.
1155 3237 1344 3305 Meyer
1381 3258 1432 3307 p.
1474 3235 1585 3302 77.)

254 3317 530 3384 ὀσικοὶτου,
608 3325 867 3392 βέρβερις,
948 3324 1289 3392 μπερμπέρις.
